@article {AH-PSV,
    AUTHOR = {Agarwal, P. K. and Har-Peled, S. and Sharir, M. and
              Varadarajan, K. R.},
     TITLE = {Approximating shortest paths on a convex polytope in three
              dimensions},
   JOURNAL = {J. ACM},
  FJOURNAL = {Journal of the ACM},
    VOLUME = {44},
      YEAR = {1997},
    NUMBER = {4},
     PAGES = {567--584},
      ISSN = {0004-5411},
   MRCLASS = {68U05},
  MRNUMBER = {1481315 (99c:68241)},
MRREVIEWER = {Ruth Silverman},
       DOI = {10.1145/263867.263869},
       URL = {http://dx.doi.org/10.1145/263867.263869},
}

@article {BKZ,
    AUTHOR = {B{\'a}r{\'a}ny, I. 
    and Kuperberg, K. 
    and Zamfirescu, T.},
     TITLE = {Total curvature and spiralling shortest paths},
      NOTE = {U.S.-Hungarian Workshops on Discrete Geometry and Convexity
              (Budapest, 1999/Auburn, AL, 2000)},
   JOURNAL = {Discrete Comput. Geom.},
  FJOURNAL = {Discrete \& Computational Geometry. An International Journal
              of Mathematics and Computer Science},
    VOLUME = {30},
      YEAR = {2003},
    NUMBER = {2},
     PAGES = {167--176},
      ISSN = {0179-5376},
     CODEN = {DCGEER},
   MRCLASS = {52B05},
  MRNUMBER = {2007957 (2004h:52009)},
       DOI = {10.1007/s00454-003-0001-z},
       URL = {http://dx.doi.org/10.1007/s00454-003-0001-z},
}

@article {berg,
    AUTHOR = {Berg, I. D.},
     TITLE = {An estimate on the total curvature of a geodesic in
              {E}uclidean {$3$}-space-with-boundary},
   JOURNAL = {Geom. Dedicata},
  FJOURNAL = {Geometriae Dedicata},
    VOLUME = {13},
      YEAR = {1982},
    NUMBER = {1},
     PAGES = {1--6},
      ISSN = {0046-5755},
     CODEN = {GEMDAT},
   MRCLASS = {53C22 (53A04)},
  MRNUMBER = {679213 (84d:53049)},
MRREVIEWER = {David A. Hoffman},
       DOI = {10.1007/BF00149423},
       URL = {http://dx.doi.org/10.1007/BF00149423},
}

@article {liberman,
    AUTHOR = {Liberman, J.},
     TITLE = {Geodesic lines on convex surfaces},
   JOURNAL = {C. R. (Doklady) Acad. Sci. URSS (N.S.)},
    VOLUME = {32},
      YEAR = {1941},
     PAGES = {310--313},
   MRCLASS = {52.0X},
  MRNUMBER = {0010994 (6,100g)},
MRREVIEWER = {H. Busemann},
}

@article {milka,
    AUTHOR = {Milka, A. D.},
     TITLE = {A shortest path with nonrectifiable spherical representation.
              {I}},
   JOURNAL = {Ukrain. Geometr. Sb.},
  FJOURNAL = {Ukrainski\u\i\ Geometricheski\u\i\ Sbornik},
    NUMBER = {16},
      YEAR = {1974},
     PAGES = {35--52, ii},
   MRCLASS = {53C45},
  MRNUMBER = {0385761 (52 \#6620)},
MRREVIEWER = {W. T. van Est},
}

@article {pach,
    AUTHOR = {Pach, J.},
     TITLE = {Folding and turning along geodesics in a convex surface},
   JOURNAL = {Geombinatorics},
  FJOURNAL = {Geombinatorics},
    VOLUME = {7},
      YEAR = {1997},
    NUMBER = {2},
     PAGES = {61--65},
      ISSN = {1065-7371},
   MRCLASS = {52B05},
  MRNUMBER = {1487759 (98k:52026)},
MRREVIEWER = {Stelian S. Dumitrascu},
}

@incollection {petrunin,
    AUTHOR = {Petrunin, Anton},
     TITLE = {Applications of quasigeodesics and gradient curves},
 BOOKTITLE = {Comparison geometry ({B}erkeley, {CA}, 1993--94)},
    SERIES = {Math. Sci. Res. Inst. Publ.},
    VOLUME = {30},
     PAGES = {203--219},
 PUBLISHER = {Cambridge Univ. Press, Cambridge},
      YEAR = {1997},
   MRCLASS = {53C23},
  MRNUMBER = {1452875 (98m:53061)},
MRREVIEWER = {Conrad Plaut},
       DOI = {10.2977/prims/1195166129},
       URL = {http://dx.doi.org/10.2977/prims/1195166129},
}

@book {pogorelov,
    AUTHOR = {Pogorelov, A. V.},
     TITLE = {Extrinsic geometry of convex surfaces},
      NOTE = {Translated from the Russian by Israel Program for Scientific
              Translations,
              Translations of Mathematical Monographs, Vol. 35},
 PUBLISHER = {American Mathematical Society, Providence, R.I.},
      YEAR = {1973},
     PAGES = {vi+669},
   MRCLASS = {53C45},
  MRNUMBER = {0346714 (49 \#11439)},
}

@article {usov,
    AUTHOR = {Usov, V. V.},
     TITLE = {The length of the spherical image of a geodesic on a convex
              surface},
   JOURNAL = {Sibirsk. Mat. \v Z.},
  FJOURNAL = {Akademija Nauk SSSR. Sibirskoe Otdelenie. Sibirski\u\i\
              Matemati\v ceski\u\i\ \v Zurnal},
    VOLUME = {17},
      YEAR = {1976},
    NUMBER = {1},
     PAGES = {233--236},
      ISSN = {0037-4474},
   MRCLASS = {53C65},
  MRNUMBER = {0405316 (53 \#9110)},
MRREVIEWER = {Ju. Burago},
}

@article {usov-conj-pog,
    AUTHOR = {Usov, V. V.},
     TITLE = {The three-dimensional swerve of curves on convex surfaces},
   JOURNAL = {Sibirsk. Mat. \v Z.},
  FJOURNAL = {Akademija Nauk SSSR. Sibirskoe Otdelenie. Sibirski\u\i\
              Matemati\v ceski\u\i\ \v Zurnal},
    VOLUME = {17},
      YEAR = {1976},
    NUMBER = {6},
     PAGES = {1427--1430, 1440},
      ISSN = {0037-4474},
   MRCLASS = {53C45},
  MRNUMBER = {0442862 (56 \#1237)},
MRREVIEWER = {Z. Nadenik},
}

@article {zalgaller,
    AUTHOR = {Zalgaller, V. A.},
     TITLE = {The question of the spherical representation of a geodesic},
   JOURNAL = {Ukrain. Geometr. Sb.},
  FJOURNAL = {Ukrainski\u\i\ Geometricheski\u\i\ Sbornik},
    NUMBER = {10},
      YEAR = {1971},
     PAGES = {12--18},
   MRCLASS = {53C45},
  MRNUMBER = {0298604 (45 \#7656)},
MRREVIEWER = {A. V. Pogorelov},
}